\begin{comment}
Here are some examples of references

@BOOK{aima,
  title     = "Artificial intelligence: A modern approach, global edition",
  author    = "Russell, Stuart and Norvig, Peter",
  publisher = "Pearson Education",
  edition   =  4,
  year      =  2021,
  address   = "London, England",
  language  = "en"
}

@article{ghia_1982,
    author = "U. Ghia and K. N. Ghia and C. T. Shin",
    title = "High-Re Solutions for Incompressible Flow Using the Navier-Stokes Equations and a Multigrid Method",
    journal = "Journal of Computational Physics",
    volume = "48",
    pages = "387-411",
    year = 1982
}

% This reference is visible in the Bibliography, but not in the text above it. To see how this is done, have a look at the code for the 'Introduction'-section
@online{ibm,
    author = "IBM", 
    title = "What is Artificial Intelligence?", 
    url = "https://www.ibm.com/topics/artificial-intelligence", 
    urldate = "2023-09-07", 
    year = 2023
}

@online{astar_gfg,
    author = "Rachit Belwariar",
    title = "A* Search Algorithm", 
    url = "https://www.geeksforgeeks.org/a-search-algorithm/",
    urldate = "2023-09-14",
    year = 2023
}

@online{nma2,
    author = "NMA, Norwegian Mapping Authority", 
    title = "Last ned h√∏ydereferansemodell", 
    url = "https://www.kartverket.no/til-lands/posisjon/href-hoydereferansemodell", 
    urldate = "2022-03-23"      % This is the date we entered the page
}
\end{comment}